@inbook{
	Levenshtein,
	author="Левенштейн, В. И.",
	title="Двоичные коды с исправлением выпадений, вставок и замещений символов",
	publisher="-- М.: Доклады АН СССР",
	volume=163,
	chapter=4,
	pages="845--848",
	language="russian",
	year=1965
}

@misc{swiftlang,
	title="JavaScript Programming Language [Электронный ресурс]",
	howpublished="Режим доступа: \url{https://https://developer.mozilla.org/ru/docs/Web/JavaScript/} (дата обращения: 20.09.2020)"
}

@misc{timing,
	title="Absolute time",
	howpublished="Режим доступа: \url{https://https://developer.apple.com/
	documentation/kernel/1462446-machabsolutetime} (дата обращения: 20.09.2020)"
}

@misc{macOs,
	title="MacOs Catalina [Электронный ресурс]",
	howpublished="Режим доступа: \url{https://https://www.apple.com/ru/macos/
	catalina/} (дата обращения: 20.09.2020)"
}

@misc{intel,
	title="Процессор Intel® Core™ i5 10 gen. [Электронный ресурс]",
	howpublished="Режим доступа: \url{https://https://www.intel.ru/content/www/ru/ru/
	products/docs/processors/core/
	10th-gen-processors.html} (дата обращения: 20.09.2020)"
}
